3350 5258
448 425 450 432 Ψ
485 491 959 600 PRAEFATIO

593 861 852 874 ——-———-—-.-

145 1236 308 1348 Duplex
338 1236 452 1322 nobis
484 1233 561 1320 fuit
592 1236 838 1346 propositum
868 1235 910 1320 in
943 1233 1233 1346 conscriptione
1260 1235 1381 1322 huius

58 1387 249 1472 Menambis
279 1386 411 1470 demta·
439 1382 784 1470 Arrace-Latini:
814 1378 1001 1490 primum,
1022 1382 1069 1462 ut
1090 1375 1268 1464 Armenii
1298 1379 1379 1466 uti·
1417 1431 1419 1436 ,

59 1524 144 1611 liter
176 1523 362 1611 excolere
394 1521 555 1608 valeant
586 1519 768 1634 linguam
804 1520 969 1606 latinam
999 1524 1209 1630 tantopere
1242 1545 1380 1608 neces·

58 1669 197 1754 sariam
230 1669 281 1753 ad
313 1693 519 1752 sacrarum
550 1661 808 1750 scientiarum
840 1661 1108 1772 disciplinam:
1131 1669 1172 1747 et
1193 1661 1379 1765 alterum,

56 1819 97 1898 ut
126 1809 324 1924 philologi
356 1807 596 1894 armenistae
640 1830 734 1918 prae
780 1805 964 1892 manibus
1009 1805 1188 1892 habeant
1233 1805 1379 1892 librum

59 1957 102 2036 ad
132 1959 288 2040 rectam
319 1949 516 2036 idiomatis
548 1949 675 2036 nostri
695 1947 1002 2060 intelligentiam
1024 1927 1378 2034 accommodatum.

142 2095 397 2205 Quapropter
429 2091 731 2180 conati·sumus
763 2091 906 2212 sedulo
936 2087 1124 2202 colligere
1156 2090 1198 2175 in
1215 2089 1293 2177 hoc
1313 2119 1379 2176 vo·

58 2235 202 2322 lumine
235 2263 316 2321 non
347 2237 463 2322 modo
495 2235 689 2323 vocabula
720 2233 1022 2344 locutionesque
1055 2263 1079 2318 a
1111 2233 1286 2319 classicis
1307 2258 1379 2320 no·

64 2379 141 2466 stris
174 2377 291 2464 aurei
322 2377 411 2464 aeri
443 2378 675 2464 auctoribus
707 2379 908 2488 decerpta,
942 2403 1081 2462 verum
1114 2373 1235 2460 etiarn
1275 2401 1379 2485 quae
1419 2455 1423 2462 .

60 2525 152 2630 apud
186 2520 400 2632 scriptores
432 2519 521 2608 aevi
552 2517 672 2606 medii
704 2520 744 2605 in
767 2543 977 2606 commune
997 2524 1258 2629 usurpantur3
1280 2519 1376 2605 item

60 2663 231 2774 proprias
274 2670 562 2774 accurattsque
601 2641 913 2774 significationes
951 2661 1266 2773 uniuscuiusque
1307 2690 1374 2749 no-

60 2805 175 2910 minis,
212 2833 287 2892 nec
313 2833 393 2891 non
414 2805 524 2892 varia
546 2805 750 2915 synonima
771 2805 895 2891 latina
915 2804 998 2890 suis
1019 2803 1117 2890 locis
1139 2805 1375 2890 addidimus.

140 2949 393 3036 Peculiarem
426 2975 520 3034 vero
552 2947 800 3060 diligentiam
823 2945 1079 3032 adhibuimus
1110 2947 1151 3032 in
1184 2947 1376 3035 definien-

60 3091 110 3175 dis
139 3090 346 3178 nominum
379 3085 712 3176 declinationibus
752 3093 1046 3198 verborumque
1084 3087 1377 3200 coniugationi-

62 3233 137 3338 has3
170 3261 244 3346 pro
278 3233 525 3337 nominibus,
559 3235 750 3320 adnotare
787 3234 885 3318 satis
926 3233 1113 3320 duximus
1156 3235 1378 3344 genitivum

63 3401 186 3462 casum
219 3383 308 3462 tum
340 3375 586 3488 singularem
617 3385 703 3462 tum
735 3375 955 3488 pluralem,
988 3379 1095 3463 unde
1126 3373 1284 3463 facilius
1315 3376 1377 3461 in-

67 3519 174 3604 veniri
208 3517 356 3631 poterit
388 3519 437 3603 ad
470 3545 683 3628 quamnam
717 3516 1024 3604 declinationem
1064 3519 1264 3630 pertineat
1306 3517 1379 3604 ali-

64 3665 154 3768 quod
176 3661 435 3767 vocebulum;
457 3663 616 3772 quando
642 3665 778 3746 autem
814 3660 1012 3772 duplicem
1049 3659 1174 3748 habet
1206 3665 1374 3749 formam
1465 3649 1467 3654 ’

63 3802 323 3890 declinationis
355 3831 500 3890 nomen
532 3805 742 3916 quoddam,
791 3811 887 3890 tunc
934 3804 1166 3916 parenthesi
1214 3804 1395 3892 inclusi·

63 3969 139 4030 nus
170 3948 339 4034 alteram
370 3947 478 4031 illam
519 3945 836 4034 declinationem.
866 3947 1080 4034 -Pariter
1122 3975 1194 4058 pro
1238 3948 1375 4035 coniu-

65 4089 212 4192 gatione
244 4093 470 4193 verborum,
492 4097 653 4200 praeter
685 4088 885 4174 indicativi
918 4089 1025 4176 modi
1057 4117 1245 4202 praesens
1278 4099 1375 4178 tem·

64 4253 145 4335 pus,
176 4233 437 4344 praeteritum
476 4233 698 4342 perlectum
738 4229 860 4318 etiarn
897 4231 1183 4318 indicavimust
1216 4233 1376 4319 abillis

65 4373 155 4457 enirn
187 4377 317 4462 omnia
349 4375 427 4462 alia
459 4379 673 4464 verborum
704 4382 898 4487 tempora,
930 4376 1013 4462 sive
1045 4376 1261 4487 regularia,
1293 4376 1376 4462 sire

66 4507 299 4626 irregularia,
332 4518 527 4632 originem
563 4520 727 4606 ducunt.
775 4519 965 4604 (letarum
1004 4519 1204 4631 benignus
1248 4519 1376 4607 lector

68 4659 232 4745 consulat
263 4663 450 4749 Elcmcato
481 4667 627 4775 linquae
658 4661 898 4749 Armeniosne
929 4657 995 4744 hic
1026 4658 1218 4772 apposita.
