3350 5258
64 173 252 355 ,Q

70 375 233 444 iffi-27

70 464 207 527 23‘305

184 531 359 654 'litom
401 537 480 652 ln.
517 536 732 651 lotnncin
768 536 902 651 tiiciu
937 535 1161 652 lmenorm

365 733 568 848 lllllllll
603 731 725 844 lllll
759 731 789 844 l
824 731 1020 848 lllllll.

187 1639 327 1724 Dilecto
357 1637 455 1723 Fc'lt'o
486 1641 527 1722 r'n
562 1637 717 1737 Chresto,
752 1637 801 1720 D.
828 1635 969 1723 Iounnc'
997 1639 1201 1750 Melpeia,

298 1777 461 1868 Salutem
491 1784 528 1866 ei
556 1780 758 1866 Paternum
790 1781 1089 1868 Benedicironern.

136 2143 278 2220 Libenti
312 2149 516 2240 excepimus
550 2149 668 2222 animo
701 2149 882 2242 exemplar
908 2145 1023 2240 operis
1049 2166 1069 2217 a
1095 2151 1132 2219 tc
1157 2145 1361 2239 conscripti,

55 2262 100 2332 cni
128 2265 275 2336 titulus:
311 2265 480 2340 Manuale
513 2265 665 2338 Lenicon
703 2265 1083 2355 denunciationem
1118 2261 1255 2352 tibique
1289 2267 1363 2333 toto

59 2379 142 2452 corle
168 2380 389 2473 gratulamur
414 2381 459 2454 de
484 2380 553 2454 ista
578 2387 650 2454 tam
678 2388 879 2474 opportuna
912 2387 976 2452 tua
1008 2379 1276 2466 elaboratione,
1317 2393 1362 2448 en
1496 2419 1503 2432 -

59 2510 115 2582 qua
137 2497 285 2568 invenes
311 2497 447 2568 armeni
472 2495 655 2570 uberiores
679 2515 765 2570 sane
792 2497 928 2570 fructus
962 2493 1176 2588 percipient.
1215 2487 1259 2563 In
1296 2489 1365 2564 hon

56 2610 134 2682 enim
160 2618 221 2685 tuo
247 2608 377 2684 Lexico
403 2631 476 2684 non
501 2613 605 2686 morlo
631 2613 768 2706 copiam
795 2613 1040 2706 perspeximus
1065 2612 1276 2684 selectorum
1302 2625 1367 2680 no·

59 2725 178 2798 minum
203 2727 494 2818 locutionumque
530 2731 640 2802 nostri
674 2729 874 2818 idiomatis,
910 2727 1119 2820 praesertim
1154 2744 1175 2796 a
1210 2722 1368 2796 classicis

58 2845 140 2915 aurei
165 2843 300 2918 saeculi
326 2845 557 2937 scriptoribus
584 2855 843 2938 excerptorum,
872 2863 995 2918 verum
1028 2844 1134 2918 etiam
1170 2839 1283 2914 multa
1301 2857 1368 2938 ,vo-

58 2955 170 3030 cabula
195 2959 242 3031 ab
269 2959 475 3032 auctoribus
500 2961 608 3035 medii
634 2963 711 3036 aevi
737 2967 933 3054 usurpata,
961 2979 1040 3034 cum
1067 2957 1219 3051 propriis
1244 2954 1369 3048 penni-

58 3073 170 3164 nisque
199 3094 321 3147 eorum
357 3077 516 3152 omnium
550 3079 885 3171 significationibus.
923 3074 1081 3168 Ideoque
1114 3075 1202 3148 nihil
1238 3075 1275 3146 in
1307 3073 1369 3146 illo

59 3203 148 3276 opere
174 3208 325 3263 censura
350 3191 498 3286 dignum
525 3202 754 3288 reputamus:
783 3197 944 3288 quinimo
962 3211 1113 3288 magnae
1130 3191 1296 3265 utilitatis
1313 3188 1369 3261 lu-

60 3306 161 3376 lorum
180 3305 397 3380 arbitramur
414 3306 512 3382 Clero
530 3318 651 3384 nostro
669 3311 715 3384 ad
732 3310 1002 3404 perdiscendam
1021 3311 1180 3402 linguam
1203 3307 1367 3394 latinam,

61 3433 137 3504 quae
155 3422 300 3514 quidem
327 3442 399 3498 non
426 3427 571 3500 minoris
597 3429 768 3502 momenti
794 3435 849 3501 est
874 3428 984 3500 sacris
1001 3423 1180 3500 Ecclesiae
1198 3424 1370 3498 ministris

65 3531 93 3602 in
113 3535 206 3612 hisce
229 3539 437 3634 regionibus
462 3538 631 3617 Orientis.
659 3541 764 3637 Spem
791 3550 911 3616 autem
937 3541 1097 3616 fovemus
1124 3541 1197 3616 iore
1222 3547 1277 3629 ut,
1297 3537 1369 3612 lieo

65 3643 200 3746 rorante,
227 3657 267 3730 in
293 3656 407 3730 lucem
434 3657 519 3731 dare
545 3660 683 3732 coneris
708 3661 859 3733 alterum
886 3659 994 3732 etiam
1019 3657 1127 3731 huius
1159 3653 1279 3729 Lexici
1316 3673 1374 3727 vo·

66 3760 185 3860 lumen,
213 3790 343 3864 nempe
370 3773 707 3849 lutino-ornanum.

144 3885 285 3962 Interea
312 3891 350 3962 in
375 3893 555 3984 peculiare
580 3893 822 3966 testimonium
848 3887 1055 3964 Dilectionis
1083 3885 1254 3978 Nostrae,
1282 3885 1369 3975 tihi,

65 3995 183 4079 Dilecle
208 4004 289 4095 Fili,
319 4010 437 4080 omnia
463 4007 558 4082 bona
577 4029 606 4112 a
631 4007 675 4080 D.
703 4005 747 4081 Ο.
774 4005 822 4080 Μ.
852 4007 1100 4100 adprecamur.

149 4211 280 4284 Deturn
310 4211 635 4306 Constantinopoli,
669 4229 713 4285 en
738 4211 885 4286 leutius
922 4211 1197 4286 Putriurclrctns
1229 4209 1376 4293 Nostri,

65 4317 152 4397 trel
181 4329 326 4422 Aupnstt
354 4327 462 4403 tour.

187 4669 233 4758 L.
256 4666 317 4792 >E
339 4671 378 4762 S.
667 4671 901 4760 Snnenuuus
933 4671 1090 4758 Pennus
1122 4669 1162 4754 X
1194 4667 1377 4755 Auruncu

712 4825 919 4902 Patriarcha
936 4825 1078 4902 Ciliciae
1096 4826 1327 4902 limenorum

1270 4973 1290 5022 B
